
@article{lange_article,
  author =       "Lange, K.",
  title =        "An approximate model of polygenic inheritance",
  journal =      "Genetics",
  volume =       "147",
  number =       "3",
  pages =        "1423--1430",
  year =         "1997",
  DOI =          ""
}


@book{lange_book,
    author    = "Lange, K.",
    title     = "The Polygenic Model. In: Mathematical and Statistical Methods for Genetic Analysis. Statistics for Biology and Health",
    year      = "1997",
    publisher = "Springer",
    address   = "New York, NY"
}



@book{rieger,
    author    = "Rieger, R. and Michaelis, A. and Green, M.M.",
    title     = "A Glossary of Genetics and Cytogenetics",
    year      = "1968",
    publisher = "Springer",
    address   = "New York, NY"
}


@Book{Lamport,
  author =       "Leslie Lamport",
  title =        "\LaTeX{}: A Document Preparation System",
  publisher =    "Addison Wesley",
  address =      "Reading, Massachusetts",
  edition =      "2nd",
  year =         "1994",
}

@Book{Goossens,
  author =       "Michel Goossens and Frank Mittelbach and Alexander Samarin",
  title =        "{The \LaTeX{} Companions}",
  publisher =    "Addison Wesley",
  address =      "Reading, Massachusetts",
  edition =      "1st",
  year =         "1994", 
}

@Article{Fenn,
  author = 	 "J{\"u}rgen Fenn",
  title = 	 "{Managing Citations and Your Bibliography with BiB\TeX}",
  journal = 	 "{The Prac\TeX\ Journal}",
  year = 	 "2006",
  volume = 	 "4",
  note = 	 "{\url{http://www.tug.org/pracjourn/2006-4/fenn/fenn.pdf}}",
}

@Article{Mertz,
  author = 	"Andrew Mertz and William Slough",
  title = 	"Beamer by Example",
  journal = 	"{The Prac\TeX\ Journal}",
  year = 	"2005",
  volume = 	"4",
  note = 	"{\url{http://tug.org/pracjourn/2005-4/mertz/mertz.pdf}}",
}
