
@Book{Goossens,
  author =       "Michel Goossens and Frank Mittelbach and Alexander Samarin",
  title =        "{The \LaTeX{} Companions}",
  publisher =    "Addison Wesley",
  address =      "Reading, Massachusetts",
  edition =      "1st",
  year =         "1994", 
}



@Article{Fenn,
  author = 	 "J{\"u}rgen Fenn",
  title = 	 "{Managing Citations and Your Bibliography with BiB\TeX}",
  journal = 	 "{The Prac\TeX\ Journal}",
  year = 	 "2006",
  volume = 	 "4",
  note = 	 "{\url{http://www.tug.org/pracjourn/2006-4/fenn/fenn.pdf}}",
}

@Article{Mertz,
  author = 	"Andrew Mertz and William Slough",
  title = 	"Beamer by Example",
  journal = 	"{The Prac\TeX\ Journal}",
  year = 	"2005",
  volume = 	"4",
  note = 	"{\url{http://tug.org/pracjourn/2005-4/mertz/mertz.pdf}}",
}


@article{luo,
  author =       "Luo, Z. C. and Albertsson-Wikland, K. and Karlberg, J.",
  title =        "Target Height as Predicted by Parental Heights in a Population-Based Study",
  journal =      "Pediatric Research",
  volume =       "44",
  number =       "4",
  pages =        "563--571",
  year =         "1998",
  DOI =          "https://doi.org/10.1203/00006450-199810000-00016"
}
% Luo important says that the residuals in predicted height were normally distributed.
% Luo's data also supports stable population variance (Table 1)
% The results support the proposed nondominant, non-sex-linked, polygenic inheritance in stature. 



% karlberg says at what age the kids got measured
@article{karlberg,
author = "Karlberg, J. and Albertsson-Wikland, K.",
title = "Growth in Full- Term Small-for-Gestational-Age Infants: From Birth to Final Height",
journal = "Pediatric Research",
volume = "38",
pages = "733--739",
year = "1995",
DOI = "https://doi.org/10.1203/00006450-199511000-00017"
}





@article{pearson,
 ISSN = {00063444},
 URL = {http://www.jstor.org/stable/2331507},
 author = {Karl Pearson and Alice Lee},
 journal = {Biometrika},
 number = {4},
 pages = {357--462},
 publisher = {[Oxford University Press, Biometrika Trust]},
 title = {On the Laws of Inheritance in Man: I. Inheritance of Physical Characters},
 volume = {2},
 year = {1903}
}
% Pearson height data


@article{bogin,
title = "Rapid morphological change in living humans: implications for modern human origins",
journal = "Comparative Biochemistry and Physiology Part A: Molecular and Integrative Physiology",
volume = "136",
number = "1",
pages = "71 - 84",
year = "2003",
issn = "1095-6433",
doi = "https://doi.org/10.1016/S1095-6433(02)00294-5",
url = "http://www.sciencedirect.com/science/article/pii/S1095643302002945",
author = "Bogin, B. and Rios, L."}
% Says height increases over generations due to nutrition and health care



@article{perkins,
title = "Adult height, nutrition, and population health",
author = "Perkins, J. M. and Subramanian, S. V. and Davey Smith, G. and Özaltin, E.",
journal = "Nutrition reviews",
volume = "74",
number = "3",
pages = "149-165",
doi = "https://doi.org/10.1093/nutrit/nuv105",
year = "2016"
}
%Previous studies suggest that overall improvements in access to food, dietary diversification, sanitation, water, living standards, and decreasing exposure to disease are responsible for the secular increases in height occurring in the 19th and 20th centuries across many developed countries


@article{mulligan,
  author =       "Mulligan, C. B.",
  title =        "Galton versus the Human Capital Approach to Inheritance",
  journal =      "Journal of Political Economy",
  volume =       "107",
  number =       "S6",
  pages =        "S184--S224",
  year =         "1999",
  DOI =          "www.jstor.org/stable/10.1086/250108"
}

@misc{galton,
author = {Francis Galton},
howpublished = {Harvard Dataverse},
title = "{Galton height data}",
UNF = {UNF:6:2ty+0YgqR2a66FlvjCuPkQ==},
year = {2017},
version = {V1},
doi = {10.7910/DVN/T0HSJ1},
url = {https://doi.org/10.7910/DVN/T0HSJ1}
}


@article{lange_article,
  author =       "Lange, K.",
  title =        "An approximate model of polygenic inheritance",
  journal =      "Genetics",
  volume =       "147",
  number =       "3",
  pages =        "1423--1430",
  year =         "1997",
  DOI =          ""
}


@book{lange_book,
    author    = "Lange, K.",
    title     = "The Polygenic Model. In: Mathematical and Statistical Methods for Genetic Analysis. Statistics for Biology and Health",
    year      = "1997",
    publisher = "Springer",
    address   = "New York, NY"
}



@book{rieger,
    author    = "Rieger, R. and Michaelis, A. and Green, M.M.",
    title     = "A Glossary of Genetics and Cytogenetics",
    year      = "1968",
    publisher = "Springer",
    address   = "New York, NY"
}


@article{wood,
  author =       "Wood, A. R. and Esko, T., et al.",
  title =        "Defining the role of common variation in the genomic and biological architecture of adult human height",
  journal =      "Nature Genetics",
  volume =       "46",
  number =       "11",
  pages =        "1173--1186",
  year =         "2014",
  DOI =          "10.1038/ng.3097"
}


@article{becker,
  author =       "Becker, G. S. and Kominers, S. D. and Murphy, K. M. and Spenkuch, J. L.",
  title =        "A Theory of Intergenerational Mobility",
  journal =      "Journal of Political Economy",
  volume =       "126",
  number =       "S1",
  pages =        "S7--S25",
  year =         "2018",
  DOI =          "http://dx.doi.org/10.2139/ssrn.2652891"
}



@article {wright,
	author = {Wright, C. M. and Cheetham, T. D.},
	title = {The strengths and limitations of parental heights as a predictor of attained height},
	volume = {81},
	number = {3},
	pages = {257--260},
	year = {1999},
	doi = {10.1136/adc.81.3.257},
	publisher = {BMJ Publishing Group Ltd},
	issn = {0003-9888},
	URL = {https://adc.bmj.com/content/81/3/257},
	eprint = {https://adc.bmj.com/content/81/3/257.full.pdf},
	journal = {Archives of Disease in Childhood}
}



@article {tanner,
	author = {Tanner, J. M. and Goldstein, H. and Whitehouse, R. H.},
	title = {Standards for Children{\textquoteright}s Height at Ages 2-9 Years Allowing for Height of Parents},
	volume = {45},
	number = {244},
	pages = {755--762},
	year = {1970},
	doi = {10.1136/adc.45.244.755},
	publisher = {BMJ Publishing Group Ltd},
	issn = {0003-9888},
	URL = {https://adc.bmj.com/content/45/244/755},
	eprint = {https://adc.bmj.com/content/45/244/755.full.pdf},
	journal = {Archives of Disease in Childhood}
}


@article {preece,
	author = {Preece, M. A.},
	title = {The Genetic Contribution to Stature},
	volume = {45},
	number = {Suppl. 2},
	pages = {56--58},
	year = {1996},
	doi = {10.1159/000184849},
	journal = {Hormone Research in Pediatrics}
}
% Preece says that height has a normal distribution




@article{schacherer,
title = "Beyond the simplicity of Mendelian inheritance",
journal = "Comptes Rendus Biologies",
volume = "339",
number = "7",
pages = "284 - 288",
year = "2016",
issn = "1631-0691",
doi = "https://doi.org/10.1016/j.crvi.2016.04.006",
url = "http://www.sciencedirect.com/science/article/pii/S1631069116300294",
author = "Schacherer, J.",
}



@article{galton_article,
title = "Typical laws of heredity",
journal = "Proceedings of the Royal Institution",
volume = "339",
number = "8",
pages = "282-301",
year = "1877",
author = "Galton, F.",
}



@book{galton2,
    author    = "Galton, F.",
    title     =  "Natural inheritance",
    year      = "1889",
    publisher = "Macmillan",
    address   = "London",
}




@Article{chetty,
author={Chetty, R. and Hendren, N. and Kline, P. and Saez, E.}, 
title={{Where is the land of Opportunity? The Geography of Intergenerational Mobility in
the United States}},
journal={The Quarterly Journal of Economics},
year=2014,
volume={129},
number={4},
pages={1553-1623},
url={https://ideas.repec.org/a/oup/qjecon/v129y2014i4p1553-1623.html} 
}


@misc{isaacs,
author = {Isaacs, J.B.},
howpublished = {The Brookings Institution},
title = "{Economic mobility of families across generations}",
year = {2008},
}



@Article{trzaskowski,
author={Trzaskowski, M. and Harlaar, N. and Arden, R. and Krapohl, E. and Rimfeld, K. and McMillan, A. and Dale, P. S. and Plomin, R.}, 
title={Genetic influence on family socioeconomic status and children's intelligence},
journal={Intelligence},
year=2014,
volume={42},
number={100},
pages={83 -- 88},
url={https://doi.org/10.1016/j.intell.2013.11.002} 
}

@Article{krapohl,
author={Krapohl, E. and Plomin, R.}, 
title={Genetic link between family socioeconomic status and children’s educational achievement estimated from genome-wide SNPs},
journal={Molecular Psychiatry},
year=2016,
volume={21},
number={3},
pages={437--443},
url={https://doi.org/10.1038/mp.2015.2} 
}


@article{battistin,
author = {Battistin, E. and Blundell, R. and Lewbel, A.},
year = {2007},
month = {08},
pages = {},
title = {Why is Consumption More Log Normal Than Income? Gibrat’s Law Revisited},
volume = {117},
journal = {Battistin, E. and Blundell, R. and Lewbel, A. (2007) Why is consumption more log normal than income? Gibrat’s Law revisited. Working paper. IFS Working Papers (W08/07). Institute for Fiscal Studies, London, UK.},
doi = {10.1086/648995}
}


@techreport{neal,
 title = "Theories of the Distribution of Labor Earnings",
 author = "Neal, D. and Rosen, S.",
 institution = "National Bureau of Economic Research",
 type = "Working Paper",
 series = "Working Paper Series",
 number = "6378",
 year = "1998",
 month = "January",
 doi = {10.3386/w6378},
 URL = "http://www.nber.org/papers/w6378",
}










	
